
    <zs:record>
      <zs:recordSchema/>
      <zs:recordPacking>xml</zs:recordPacking>
      <zs:recordData>
        <record xmlns="http://www.loc.gov/MARC21/slim">
          <leader>01254cam a2200289 a 4500</leader>
          <controlfield tag="001">1212316</controlfield>
          <controlfield tag="005">20020806104025.0</controlfield>
          <controlfield tag="008">990125s1999    vtuf     b    001 0aeng  </controlfield>
          <datafield tag="906" ind1=" " ind2=" ">
            <subfield code="a">7</subfield>
            <subfield code="b">cbc</subfield>
            <subfield code="c">orignew</subfield>
            <subfield code="d">1</subfield>
            <subfield code="e">ocip</subfield>
            <subfield code="f">19</subfield>
            <subfield code="g">y-gencatlg</subfield>
          </datafield>
          <datafield tag="955" ind1=" " ind2=" ">
            <subfield code="a">pc03 to la00 01-25-99; lk50 01-27-99; lh06 toGeneral; lh06 02-17-99; lg15 02-19-99</subfield>
            <subfield code="a">ps15 2002-06-13 bk rec'd, to CIP ver.</subfield>
            <subfield code="f">lh44 2002-08-05</subfield>
            <subfield code="g">lh44 2002-08-05 to BCCD</subfield>
          </datafield>
          <datafield tag="010" ind1=" " ind2=" ">
            <subfield code="a">   99013795 </subfield>
          </datafield>
          <datafield tag="020" ind1=" " ind2=" ">
            <subfield code="a">1883642671 (acid-free paper)</subfield>
          </datafield>
          <datafield tag="040" ind1=" " ind2=" ">
            <subfield code="a">DLC</subfield>
            <subfield code="c">DLC</subfield>
            <subfield code="d">DLC</subfield>
          </datafield>
          <datafield tag="043" ind1=" " ind2=" ">
            <subfield code="a">e-gx---</subfield>
            <subfield code="a">n-us---</subfield>
          </datafield>
          <datafield tag="050" ind1="0" ind2="0">
            <subfield code="a">PN5213.A58</subfield>
            <subfield code="b">A3 1999</subfield>
          </datafield>
          <datafield tag="082" ind1="0" ind2="0">
            <subfield code="a">070.92</subfield>
            <subfield code="a">B</subfield>
            <subfield code="2">21</subfield>
          </datafield>
          <datafield tag="100" ind1="1" ind2=" ">
            <subfield code="a">Anderson, Edith,</subfield>
            <subfield code="d">1915-</subfield>
          </datafield>
          <datafield tag="245" ind1="1" ind2="0">
            <subfield code="a">Love in exile :</subfield>
            <subfield code="b">an American writer's memoir of life in divided Berlin /</subfield>
            <subfield code="c">Edith Anderson.</subfield>
          </datafield>
          <datafield tag="250" ind1=" " ind2=" ">
            <subfield code="a">1st ed.</subfield>
          </datafield>
          <datafield tag="260" ind1=" " ind2=" ">
            <subfield code="a">South Royalton, Vt. :</subfield>
            <subfield code="b">Steerforth Press,</subfield>
            <subfield code="c">c1999.</subfield>
          </datafield>
          <datafield tag="300" ind1=" " ind2=" ">
            <subfield code="a">404 p. :</subfield>
            <subfield code="b">[8] p. of plates ;</subfield>
            <subfield code="c">24 cm.</subfield>
          </datafield>
          <datafield tag="504" ind1=" " ind2=" ">
            <subfield code="a">Includes bibliographical references (p. [397]-398) and index.</subfield>
          </datafield>
          <datafield tag="600" ind1="1" ind2="0">
            <subfield code="a">Anderson, Edith,</subfield>
            <subfield code="d">1915-</subfield>
            <subfield code="x">Homes and haunts</subfield>
            <subfield code="z">Germany</subfield>
            <subfield code="z">Berlin.</subfield>
          </datafield>
          <datafield tag="651" ind1=" " ind2="0">
            <subfield code="a">Berlin (Germany)</subfield>
            <subfield code="x">Intellectual life</subfield>
            <subfield code="y">20th century.</subfield>
          </datafield>
          <datafield tag="650" ind1=" " ind2="0">
            <subfield code="a">Women journalists</subfield>
            <subfield code="z">Germany</subfield>
            <subfield code="z">Berlin</subfield>
            <subfield code="x">Biography.</subfield>
          </datafield>
          <datafield tag="650" ind1=" " ind2="0">
            <subfield code="a">Women editors</subfield>
            <subfield code="z">Germany</subfield>
            <subfield code="z">Berlin</subfield>
            <subfield code="x">Biography.</subfield>
          </datafield>
          <datafield tag="650" ind1=" " ind2="0">
            <subfield code="a">Americans</subfield>
            <subfield code="z">Germany</subfield>
            <subfield code="z">Berlin</subfield>
            <subfield code="x">Biography.</subfield>
          </datafield>
        </record>
      </zs:recordData>
      <zs:recordPosition>2</zs:recordPosition>
    </zs:record>